2834 4917
392 324 471 415 ῳ.
610 294 1165 383 Arpauuru

443 482 490 561 Ρ.
516 503 580 563 11.
608 476 636 559 l.
661 505 725 587 14.
748 454 857 589 ‘apud
884 479 1100 590 Strictum]
1161 480 1257 563 imo
1274 482 1375 592 apud

388 602 611 689 Antonium
632 604 924 684 etMaxirnum
955 628 1049 685 cum
1066 602 1224 687 Stobaeo
1259 604 1378 689 fimul

367 723 868 851 ,editosFranckfi158r.
996 743 1023 818 ·,

443 950 487 1031 Ρ.
512 974 570 1033 12.
597 947 628 1028 l.
644 947 716 1028 ult.
748 946 909 1057 Repone
928 974 976 1029 ex
995 946 1202 1029 Scholiaste
1216 952 1266 1033 ad
1282 952 1378 1033 Pac.

392 1076 481 1187 398.
507 1102 556 1155 ex
576 1074 691 1155 Suida
718 1102 752 1153 v.
767 1070 924 1178 Ἀγῆλη,
952 1100 1002 1153 ex
1025 1076 1229 1185 Euripidis
1256 1078 1377 1159 Scho-

388 1202 494 1284 liaste
521 1218 561 1282 et
585 1200 677 1281 MS.
704 1202 804 1310 apud
830 1199 1081 1291 Brunckium,
1105 1204 1296 1315 quicquid
1314 1206 1379 1286 ille

389 1328 637 1416 contradicat.

393 1608 548 1691 Partem
583 1603 705 1713 hujus'
729 1604 942 1714 fragmenti
972 1606 1078 1717 quafi
1100 1632 1152 1687 ex
1186 1605 1375 1690 Nubibus

391 1732 487 1811 citat
506 1728 767 1837 Etymologus
787 1756 830 1839 p.
850 1756 892 1838 9,
905 1753 970 1841 54.
1002 1728 1394 1844 quodSyiburgium·

391 1853 532 1935 frustra
550 1854 740 1934 exercuit.

438 2072 492 2158 ’.Ρ
517 2101 579 2189 17.
606 2076 636 2157 l.
657 2076 699 2157 6.
740 2066 923 2179 ’uvivum
944 2074 1114 2188 jundim
1132 2074 1374 2160 scribendum

392 2202 537 2286 viderat
553 2200 727 2312 Hennga
739 2199 901 2283 observ
928 2228 969 2315 p.
958 2202 1084 2310 ..296

316 2488 321 2495 .
447 2422 549 2503 ibid
577 2393 697 2503 [20.
741 2418 882 2503 Hiatus
911 2418 981 2507 iste
1006 2414 1371 2523 yamdmiir'rum

391 2547 582 2640 ferendus,
609 2546 679 2655 qui
698 2552 829 2627 tamen
852 2547 938 2629 tolli
964 2548 1119 2657 poterit,
1147 2552 1372 2657 reponendo,

374 2698 443 2783 ‘yar
418 2670 620 2769 αλωθηνῆςύὅ
585 2708 646 2761 ς
664 2674 738 2753 Sed
752 2672 953 2757 decaeterrs
965 2672 1069 2755 NL
1086 2672 1236 2786 Moxp
1243 2678 1392 2787 181

393 2802 618 2884 AEschinem
636 2798 871 2883 Socraticum
892 2800 1031 2882 eodem
1047 2804 1169 2883 modo
1189 2775 1392 2885 emenda

392 2948 497 3013 verat
515 2926 823 3011 Hemsterhufius
841 2928 889 3011 ad
914 2926 1170 3039 Hesychium,
1193 2930 1323 3013 Tum.
1338 2932 1368 3012 l.

394 3054 574 3168 uum

450 3262 497 3341 P.
520 3288 584 3345 2ο.
611 3261 640 3342 l.
666 3284 730 3343 12.
775 3260 886 3344 Idem
902 3260 1051 3343 viderat
1069 3258 1306 3343 Abreschiua
1331 3245 1393 3342 adi

393 3384 562 3496 AEschyl.
576 3386 609 3467 1.
631 3414 668 3495 5.
695 3415 736 3497 p.
759 3412 821 3497 30.
836 3387 1029 3502 idemque
1055 3414 1148 3469 cum
1170 3388 1373 3470 lectoribus

392 3513 469 3594 suis
502 3514 855 3599 communicaverat
885 3515 1077 3626 Toupius·
1093 3516 1144 3597 ad
1172 3515 1371 3601 Tbeoerit.

394 3638 514 3739 Tum.
533 3636 588 3721 ΙΙ,
615 3666 656 3749 p.
675 3664 770 3751 409·

451 3868 498 3951 P.
514 3895 536 3951 a
541 3894 579 3979 5.
602 3868 632 3949 i.
651 3898 690 3980 3.
711 3866 868 3953 Frustra
877 3872 968 3981 quis
982 3872 1161 3957 exSuida
1173 3894 1245 3960 aut
1258 3878 1369 3961 Laer-

397 3990 455 4073 rio
470 3991 549 4075 solo
570 3990 837 4103 fragmentum
851 3996 1053 4111 Euripidis
1065 4025 1242 4111 reparare
1257 4030 1371 4086 cuae·

1312 4160 1372 4222 ω.
