2834 4917
160 575 349 809 stt
437 673 796 818 01⁴AE

504 1029 579 1178 ru

63 1407 1019 1574 PARTEM-sneundune
1132 1476 1134 1484 *

110 1866 155 1946 P.
167 1891 190 1946 2
195 1888 262 1977 3²·
281 1853 309 1944 1.
321 1877 362 1972 7.
401 1854 610 1946 Menandri
627 1885 796 1950 veterem
814 1865 1036 1976 scripturam

66 1995 192 2076 retinet
222 1991 461 2102 Musgraviur
488 1995 532 2074 in
558 1997 730 2102 margine
761 1985 1039 2103 exemplariaa
1111 2073 1117 2083 .

67 2145 123 2200 me
138 2121 312 2230 inspecti,
341 2138 380 2201 et
399 2120 680 2230 interpretatur,
708 2123 795 2204 Non
814 2119 922 2202 valde
938 2120 1037 2202 druer

68 2267 151 2338 erat,
174 2247 395 2358 quiquidem
413 2249 567 2331 adimus
582 2246 676 2356 effer.

118 2460 161 2541 P.
183 2491 208 2546 2
214 2487 282 2572 34.
310 2447 345 2542 'lr
364 2487 423 2540 10.
469 2461 579 2542 Vitio
601 2460 748 2542 laborat
775 2458 858 2542 haec
884 2459 1041 2569 conjec-

73 2601 160 2680 tura,
184 2613 273 2698 quae
299 2587 424 2666 nescio
443 2588 638 2694 quomodo
656 2606 787 2670 tamen
805 2588 954 2696 placere
972 2613 1044 2694 po·

75 2714 142 2793 tuit
157 2713 417 2796 Valckenaerio
433 2712 601 2796 Diattib.
629 2741 669 2822 p.
687 2737 710 2818 5
715 2739 754 2817 5.
801 2716 913 2818 Joan.
935 2713 1042 2794 Hen.
1148 2724 1153 2734 '

76 2843 230 2924 vander
255 2840 381 2921 Palm.
411 2844 556 2922 Annot.
585 2843 627 2920 in
654 2839 869 2920 Ecclefiast.
888 2839 977 2920 XII.
1000 2870 1043 2949 7.

79 2991 111 3069 p·
125 2992 165 3074 19
170 2997 207 3078 3.
250 2964 371 3047 Recte
386 2965 546 3074 quidem
563 2964 718 3057 dicitur,
747 2961 787 3048 εἰς
809 2962 903 3049 τέλος
920 2963 975 3041 τοῦ
992 2963 1031 3074 ζῇ

78 3092 253 3204 dorffling.
294 3095 366 3174 Sed
385 3121 464 3173 non
482 3119 530 3173 ex
548 3120 596 3174 eo
607 3093 787 3200 sequitur,
806 3093 907 3171 reete
926 3091 1044 3173 etiam

82 3218 159 3311 dici,
184 3223 230 3307 ’ἀς
255 3217 293 3298 τὶ
321 3219 374 3328 ζῇν
402 3217 611 3324 adsertione.
660 3217 812 3296 Deinde
837 3219 936 3296 b‘ona
955 3243 1048 3300 cum

58 3345 176 3438 tvenia
199 3346 432 3434 Vauvillerii,
460 3345 533 3427 five
561 3345 749 3426 Parifinus
778 3341 965 3424 Profeffor
997 3343 1048 3424 li·

59 3441 62 3545 1
84 3465 225 3554 beurim
244 3473 364 3568 audit,
392 3471 429 3551 ri
455 3471 508 3582 ζῆν
534 3499 603 3580 pro
620 3470 750 3552 iambo
768 3469 862 3552 stare
881 3497 958 3553 non
978 3497 1050 3580 po-

84 3594 156 3675 test.
200 3599 375 3678 Humani
403 3600 546 3707 aliquid
573 3597 696 3706 paffirs
720 3599 772 3680 est
793 3599 1049 3706 praestantissr·

76 3743 160 3800 mur
174 3724 434 3814 Marklandus‚
451 3727 492 3804 in
506 3749 751 3834 erroremque
770 3725 920 3806 fortaffe
939 3727 1051 3806 Tou-

85 3845 187 3952 pium
195 3852 363 3932 induxit.
400 3853 562 3958 Legerat
576 3853 682 3932 enim
700 3853 743 3939 is,
758 3852 947 3959 Explicat.
962 3849 1054 3930 Vet.
1158 3907 1173 3918 .
1213 3853 1215 3858 ’

88 3992 223 4080 11250·
251 3976 296 4062 εἰς
312 3975 357 4057 τοὶ
375 3974 493 4084 Krine,
521 3979 625 4085 quod
645 3978 685 4057 in
706 3978 841 4058 eodem
861 3977 945 4056 luto
972 3974 1054 4054 hae-

90 4091 178 4172 irat.
204 4099 434 4184 Notandum
454 4103 577 4186 obiter
593 4105 741 4211 pejores
756 4101 955 4212 Sophoclis
971 4098 1055 4178 edi-

114 4249 120 4256 ·
138 4219 239 4306 Von.
257 4225 331 4310 tv.
641 4225 676 4306 F
691 4226 716 4312 f
930 4225 1055 4312 tiones
