2834 4917
238 344 789 453 APPENnrx
924 369 1008 479 4&

37 552 87 635 [ta
105 548 445 649 restesstunckiua
465 577 515 632 ex
531 550 647 635 MSS.
668 549 837 647 duobus,
860 550 1006 663 quibua

37 673 182 756 aceedit
199 677 362 791 Barocc.
385 699 558 758 cxxvrr.

89 904 137 985 P.
161 899 255 1006 482.
289 902 320 985 l.
351 932 390 1014 3.
431 903 645 1015 Hermippi
664 905 790 989 versut
815 904 1008 991 iambicus

37 1024 80 1105 est
96 1045 338 1153 tetrametep,
366 1027 423 1109 ita
442 1026 721 1139 disponendus,
967 1048 971 1055 '

135 1158 418 1268 Kmmrissnrar
434 1160 547 1244 amar
563 1161 672 1245 mir
689 1162 790 1277 φφῖἔν
806 1164 974 1275 ὕφασμα.

37 1318 115 1405 Sive
123 1317 415 1428 mavia-poprie
427 1320 577 1428 ὕφασμα
590 1322 710 1404 καινόν.
740 1324 864 1407 Aliter
875 1352 1011 1408 emen-

37 1444 141 1527 dabat
154 1446 356 1529 Piersonus
369 1450 416 1529 ad
427 1446 574 1530 Moerin
588 1469 628 1530 et
644 1452 1011 1560 Herodian.·p.456.

38 1572 93 1655 red
108 1574 269 1686 Toupio
287 1576 532 1689 adstipulatur
541 1578 824 1660 Valckenaerius
843 1578 944 1660 Not.
963 1578 1012 1659 ad

39 1698 183 1785 Phalar.
215 1730 256 1812 p.
274 1729 343 1791 xr.
1010 1764 1014 1769 ·

87 1920 129 2001 P.
152 1920 252 2031 485.
285 1922 316 2006 l.
337 1922 377 2007 8.
434 1919 537 2032 Zapir
568 1922 723 2009 dederat
755 1920 1012 2007 Ruhnkeniua

43 2046 150 2159 Epist.
170 2050 273 2184 Ctit.
287 2049 318 2129 1.
343 2078 385 2160 p.
403 2076 470 2163 70.
499 2052 573 2133 Ed.
590 2078 645 2157 pr.
669 2053 761 2136 116.
790 2054 867 2135 Ed.
887 2080 976 2134 nov.

91 2272 134 2355 P.
156 2300 252 2383 500.
278 2275 308 2361 l.
329 2300 397 2358 20.
428 2274 585 2357 Mirum
614 2274 791 2388 profecto
815 2276 858 2357 in
886 2274 1013 2357 Calli·
1147 2342 1151 2352 ,
1187 2378 1191 2384 g

46 2393 165 2477 machi
199 2396 420 2509 fragmento
452 2398 552 2482 nihil
585 2399 682 2481 mali
702 2401 909 2521 suspicatos
940 2398 1015 2479 esse

48 2508 396 2597 Virosclariffinrot.
422 2514 599 2599 Primum
612 2520 744 2601 Surdas
758 2520 872 2599 habet
891 2515 1017 2595 inin·

48 2666 90 2715 κοι
106 2659 142 2720 et
158 2638 281 2722 ποθεῖ.
326 2639 478 2723 Deinde
504 2644 644 2755 copula
662 2646 792 2725 locum
810 2672 887 2725 non
907 2642 1016 2723 inum

50 2786 212 2875 occupat.
251 2768 372 2848 Porro
388 2764 501 2847 istiu
517 2767 674 2849 Veteres
693 2795 772 2849 non
792 2769 938 2855 dicunt,
956 2766 1016 2845 sed

51 2892 181 3004 semper
195 2896 340 2992 ainaim
370 2898 491 2981 Pseud
501 2898 651 3009 Orphei
669 2900 776 2980 enim
794 2898 1016 3008 quisquiliae
1106 2995 1110 3009 Ι

52 3040 85 3101 et
99 3044 319 3135 corruptum
338 3026 511 3136 AEschyli
530 3026 795 3133 fragmentum
821 3052 899 3105 non
927 3050 1015 3103 mo-

52 3174 116 3234 ror.
161 3154 361 3236 Postremo
380 3155 467 3235 nive
494 3152 689 3263 frigidiora
715 3155 816 3245 sunt,
832 3139 899 3232 ’Ἢν
925 3140 1019 3233 οὐδεὶς
1140 3142 1144 3157 ’

52 3276 169 3364 ποθέει.
216 3284 336 3364 Κεέῒο
353 3300 393 3363 et
413 3284 604 3391 eleganter
621 3274 674 3373 nn
691 3280 851 3373 ἁποθῆτη
869 3278 1021 3365 dicitur,

53 3404 168 3515 inepte
185 3428 225 3491 et
243 3408 436 3491 invenuste
463 3401 528 3501 nn,
547 3406 579 3503 ἣν
596 3400 689 3495 nnn
706 3404 832 3487 moiri.
871 3405 958 3485 ΜΒ.
971 3405 1019 3484 C.

54 3528 94 3612 C.
102 3533 146 3614 C.
162 3537 296 3617 Oxon.
324 3529 494 3617 artu-ff
508 3534 676 3623 inritam
724 3535 829 3643 Lege
847 3558 951 3641 ergo,

204 3676 399 3772 -am
415 3690 686 3765 anoenron
704 3678 874 3761 annm.
925 3712 930 3721 «
1012 3721 1016 3730 «

57 3824 90 3907 Sl
113 3838 194 3945 quis
222 3859 353 3921 autem
381 3864 430 3920 ex
451 3838 611 3945 vestigiis
628 3834 718 3913 MS.
737 3832 909 3920 mrtem
926 3837 1043 3962 praej'

56 3954 151 4054 ferat,
169 3995 248 4051 non
267 3968 494 4077 refragabor‚
512 3964 755 4045 Alterutrum
776 3958 1024 4041 certiffimum

57 4083 112 4177 est·
151 4092 195 4175 In
214 4095 469 4220 Lycophrone
486 4089 634 4183 ἀπέθεςα
650 4116 724 4205 pro
743 4090 844 4175 varia
863 4086 1024 4165 leitione
1083 4158 1092 4166 .

766 4251 775 4265 ⁴
857 4229 1023 4295 notatur.
