2834 4917
173 269 770 408 ¹nuaaunlx.
910 361 990 446 ηρ

36 509 193 590 ,ertatim
221 507 270 588 ad
306 509 545 606 medicinam
580 515 737 590 mortuo
771 505 994 596 faciendam

38 629 278 708 ncubuetunt.
315 625 469 706 Scilicet
481 655 573 708 cum
592 619 685 712 aava
702 627 817 708 semel
834 631 998 740 adscrip-

36 783 101 832 :um
117 752 207 834 effet
225 782 294 862 pro
311 750 467 858 munais
488 754 551 859 (ut
567 754 692 863 liquet
710 781 759 865 eat
778 755 939 838 Scholiis
955 763 997 840 in

36 871 242 950 Homerum
282 897 304 948 a
340 869 610 950 Valckenario
647 870 695 948 ad
733 873 997 958 Ammonium

36 1021 62 1091 n.
78 1019 166 1095 241.
189 994 322 1102 editis)
344 992 500 1072 nasutus
520 994 683 1100 quidam
698 992 853 1084 alterius
869 998 998 1080 versus

36 1117 177 1196 initium
203 1116 280 1196 effe
302 1135 425 1210 ratus,
454 1115 647 1196 senarium
676 1115 785 1195 hunc
815 1121 996 1226 qualem-

36 1265 169 1348 :unque
202 1240 384 1320 edolavit.
434 1241 589 1320 Eodem
619 1241 738 1336 modo
756 1242 797 1318 in
818 1243 997 1352 AEschyli

36 1359 249 1462 Agamemn.
265 1360 306 1437 6.
326 1385 417 1436 cum
433 1355 657 1437 scholiastes
678 1358 814 1464 aliquis
833 1359 999 1472 Μμπρὲς

36 1475 160 1568 bada-aq
177 1482 405 1597 ἐμπρέποντας
417 1480 515 1592 αἰθέρι
532 1511 600 1590 pet
615 1481 740 1592 εὶς-ἕρεις
754 1485 1000 1594 explicuiffet,

36 1597 112 1678 alius
130 1601 285 1702 versum
303 1599 466 1679 ridicule
485 1599 673 1708 explevit,
704 1601 895 1696 addendo,
919 1594 998 1692 [inan

36 1713 196 1811 φθίνωσιν,
225 1715 370 1801 ἀντολάς
402 1749 436 1794 τε
467 1714 539 1804 τᾶν,
564 1717 668 1824 quod
696 1717 870 1826 praeclare
903 1713 999 1800 vidit

36 1829 303 1912 Valckenaeriua
316 1832 362 1913 ad
378 1831 752 1944 EuripidPhoeniff.
766 1833 860 1942 506.
879 1829 996 1916 simul
1129 1920 1133 1930 Ἰ

36 1953 157 2038 docens
177 1957 257 2037 hoc
277 1957 473 2036 emblema
492 1955 643 2037 Achilli
661 1957 783 2036 Tatio
813 1959 996 2066 incogni·
1029 1998 1033 2008 ·
1146 1979 1151 1986 ·

36 2093 103 2156 tum
121 2079 247 2160 fuiffe.
295 2081 393 2184 Qae
413 2106 506 2159 cum
526 2081 581 2158 ita
600 2079 687 2172 fint,
708 2082 831 2160 miror
850 2081 995 2161 Schut-

36 2203 130 2282 zium
162 2231 291 2313 nuper
319 2203 522 2284 absurdam
543 2202 813 2283 Valckenario
841 2205 997 2284 senten·

36 2323 113 2404 tiam
129 2325 302 2421 affixiffe,
330 2326 434 2435 quafi
465 2327 532 2406 ille
561 2326 711 2405 versum
734 2329 773 2420 6,
805 2353 884 2406 non
905 2355 998 2408 vero

36 2471 64 2552 7,
92 2449 262 2558 spurium
289 2448 507 2557 j'udicaffet.
558 2449 633 2529 Sed
661 2449 886 2558 Schutzius,
917 2479 998 2531 non

36 2571 184 2679 inspedo
207 2573 467 2672 Valckenarii
487 2561 603 2682 i'pfius
629 2573 746 2664 libro,
777 2571 997 2655 Heathium

37 2719 161 2778 :acum
181 2697 328 2778 ducem
348 2722 472 2777 caecus
489 2696 736 2804 sequebatur.

75 2929 117 3009 P.
140 2955 237 3041 304.
267 2927 297 3010 l.
323 2955 386 3008 11.
428 2925 657 3005 Marklandi
678 2926 998 3008 emendationem

37 3050 144 3154 postea
161 3049 433 3162 comprobavit
453 3049 501 3127 ad
521 3049 752 3156 Longinum
782 3050 819 3153 §.
842 3049 894 3128 Χ.

66 3295 116 3404 ΙΡ.
139 3293 235 3402 306.
264 3295 380 3408 l.14.
427 3281 552 3373 ‘obde
580 3294 680 3372 reete
708 3289 798 3371 MS.
823 3291 996 3371 C.C.C.

37 3417 147 3500 Oxou.

75 3641 117 3723 P.
137 3672 231 3754 309.
260 3643 288 3724 i.
313 3670 374 3753 17.
424 3639 578 3722 Rursus,
599 3621 819 3720 Dawesaani
839 3639 998 3720 canonia
1109 3735 1114 3744 Ι

37 3767 185 3872 aegit&
216 3791 348 3876 poenaa
377 3765 442 3842 dat
462 3765 657 3869 Toupius.
704 3765 1000 3870 Reponendum

37 3909 98 3966 erat
117 3887 308 3970 facillima
325 3887 577 3980 comestione,
589 3885 746 3966 etiamsi
763 3906 844 3964 non
860 3889 912 3965 ita
928 3913 998 3967 ex-

37 4007 132 4093 iaret
150 4015 193 4094 in
213 4013 356 4096 Photio
374 4011 464 4092 MS.
488 4013 529 4091 in
550 4009 674 4092 Suidae
699 4009 874 4098 editione
902 4009 999 4085 Me·

374 4157 380 4167 ’
791 4125 999 4210 diolanensa
