2834 4917
246 381 804 468 Arra-noun.
937 415 1016 502 493

88 567 131 650 P.
153 568 247 650 ⁶00.
288 565 319 668 l.
344 592 407 649 11.
475 565 599 646 Recte
627 565 727 648 vidit
754 567 935 678 Toupius
966 572 1016 652 ad

42 691 283 772 Herodotum
322 687 390 769 hic
446 689 598 799 respici.
665 691 799 799 Ipsum
835 693 1018 776 Ionicum

40 813 193 894 verbum
212 813 458 914 conservatur
486 839 508 894 a
533 809 677 920 Photio
714 817 757 895 in
789 797 891 896 Lex.
922 819 1016 902 MS.

43 943 298 1024 armarere
315 931 472 1038 pirama.

88 1149 133 1233 Ρ.
167 1151 263 1236 612.
293 1137 398 1236 l.1.¹
435 1149 599 1261 infignie
636 1167 677 1232 et
714 1168 825 1234 extra
856 1169 1019 1241 ornnem¹

43 1273 290 1358 dubitationis
328 1275 450 1357 aleam
470 1277 592 1385 pofita
610 1275 664 1356 est
682 1273 829 1356 fitmmi
853 1277 1020 1361 Bentleii

42 1399 270 1492 emendatio,
299 1425 420 1508 quam
438 1395 583 1480 fecerat
601 1400 722 1478 etiarn
732 1397 952 1482 Withofiua
970 1404 1020 1484 ad
1071 1469 1076 1479 ,

42 1520 404 1624 CatonisDist.1V.
421 1549 459 1634 ς.
482 1519 749 1602 Vehementer
759 1541 893 1603 autem
905 1550 1018 1604 com-

42 1644 213 1748 probavit
244 1645 478 1727 Schraderuo
499 1643 711 1726 Emendat.
740 1672 782 1755 p.
819 1669 913 1759 ²¹7·
944 1647 1019 1727 Sed

42 1786 190 1848 exortae
210 1771 265 1851 est
285 1771 481 1852 Stoeberus
511 1768 641 1850 nescio
659 1769 763 1878 quie,
782 1772 860 1880 qui
879 1771 1018 1852 Mani-

40 1885 133 1969 lium
152 1919 187 1975 a.
230 1872 349 2006 ¹7⁶7·
379 1893 516 1987 edidit,
546 1891 793 2002 Bentleiique
817 1921 912 1976 cum
931 1893 1019 2003 ple·
1176 1909 1180 1914 “

43 2011 168 2121 fasque
188 2017 297 2112 alias,
326 2035 413 2096 tum
433 2013 535 2096 hanc
566 2015 831 2122 conjecturam
850 2019 1038 2112 nimium.

43 2155 229 2240 quantum
258 2139 481 2249 exagitavit.
539 2139 710 2220 Animus
736 2135 864 2220 fuerat
895 2158 1020 2220 totam
1074 2207 1109 2221 ,,

44 2257 116 2363 ejus
146 2264 197 2341 ad
229 2263 337 2344 hunc
366 2262 499 2342 locum
520 2262 809 2343 adnotationem
839 2261 1022 2342 transcri-

45 2379 140 2478 bere,
171 2383 235 2466 sed
275 2413 368 2466 cum
400 2383 477 2465 hoc
497 2384 587 2466 effet
605 2383 782 2466 chartam
802 2381 962 2493 perdere
981 2403 1023 2466 et
1101 2397 1126 2467 f

43 2501 188 2588 lectoria
203 2510 390 2618 patientia
409 2507 531 2601 abuti,
559 2507 710 2590 satisfit
743 2510 859 2588 verba
878 2509 1020 2589 Schra-

45 2625 120 2708 deri
156 2632 273 2732 Praef.
312 2631 360 2712 ad
379 2631 548 2710 Emend.
585 2659 626 2738 p.
664 2632 764 2712 xlix.
811 2632 1039 2738 adponere.

46 2750 147 2832 More
171 2755 364 2837 multarum
387 2751 589 2858 certffmas
607 2757 843 2833 Baunaau
878 2781 1021 2836 correc-

44 2869 143 2954 tiones
155 2871 315 2989 persaepe
328 2875 512 2984 sutilibus
536 2875 762 2985 argumentis
782 2875 1020 2984 (Stoeberus)
1189 2918 1192 2924 ·

46 2992 268 3108 impugnavit
280 3041 292 3096 t
333 2999 509 3108 genuinas
548 2997 812 3080 lectiones-iis
843 2999 1022 3092 mutavit,

49 3127 263 3235 quasserfies
295 3123 497 3216 communis,
527 3121 739 3215 Latinitas,
768 3138 806 3200 et
823 3119 1024 3202 carmanum

47 3240 250 3350 legesſsrnul
261 3245 442 3328 interdum
453 3243 675 3352 refutarent.
718 3245 911 3325 Praeterea
927 3243 1023 3324 viris

50 3363 112 3470 ipso
129 3372 229 3479 lange
247 3369 448 3478 majoribus,
479 3369 518 3446 in
529 3367 661 3477 primis
679 3367 938 3461 Banraero,
950 3383 1024 3478 pe·

48 3488 203 3574 tulantrr
214 3493 421 3602 irfirltavit,
441 3491 519 3588 &a

107 3715 267 3831 P.613.
297 3721 326 3802 l.
348 3747 387 3826 9.
431 3717 616 3798 Rescribe
645 3745 695 3796 ex
734 3719 823 3800 MS.
845 3697 938 3795 cuin
963 3717 1024 3798 N.

53 3831 216 3953 Heinfio
230 3843 278 3924 ad
308 3841 436 3950 virgil
456 3843 550 3922 AEn.
582 3841 635 3922 X.
669 3841 764 3952 587.
813 3838 1026 3919 Schradero

55 3953 163 4041 Praef.
183 3965 231 4046 ad
244 3967 414 4047 Emend.
432 3991 472 4075 p.
502 3963 607 4046 lviii.

32 4131 33 4134 Ὺ
87 4142 143 4226 Et
159 4169 252 4250 ona
265 4143 578 4260 precipitistuttu
598 4097 746 4227 enarr
762 4135 1025 4248 Hellespontus.

270 4283 275 4292 Ι
865 4351 913 4434 Ρ.
933 4347 1028 4464 6η.
