2834 4917
230 276 820 410 'ieiunum
956 327 1034 418 451

109 457 266 586 P.265.
285 476 396 563 l.11.
441 475 636 582 Alterutra
653 473 767 578 lestio
785 477 826 558 in
844 476 1040 589 Euripidis

50 602 214 714 Troasin
230 605 353 714 proba
371 601 436 690 est,
465 601 558 686 falsa
578 602 664 683 Viri
682 603 888 686 dottiffimi
908 633 1043 690 emen·

54 743 178 825 datio.
232 737 352 823 enus
379 739 486 819 enim
515 735 586 818 ista
614 738 756 820 Atticis
786 741 946 824 omuino
973 743 1040 852 ῖς·-λ

59 890 154 953 nota
171 869 242 954 este

115 1072 222 1152 lbid.
243 1068 465 1180 minime]
507 1068 628 1151 Ret're
647 1069 824 1182 Procopii
842 1071 1047 1158 lectionem
1099 1109 1101 1114 ’

64 1220 192 1281 tuetur
209 1199 418 1306 Toupiua;
446 1198 622 1307 ineptum
652 1216 784 1279 tamen
815 1199 915 1280 istud
942 1201 973 1288 ἐς
997 1194 1049 1295 riu

61 1321 146 1424 dm
162 1326 283 1422 habet
300 1327 434 1409 Suidau
453 1328 562 1435 supra
590 1357 631 1406 v.
649 1325 922 1431 ‘Aonidum

119 1537 168 1630 P.
196 1547 290 1630 268.
321 1546 346 1624 1.
371 1576 403 1630 r.
448 1546 610 1656 Optime
628 1541 722 1626 imre
741 1531 912 1630 defendit
935 1549 1053 1655 Touq
1089 1640 1093 1646 ,

69 1676 162 1786 pius,
175 1673 288 1782 cujus
302 1673 342 1752 in
353 1675 578 1764 sententiam
589 1702 712 1785 nuper
723 1671 901 1768 conceffit
911 1675 1055 1757 Ruhn-

72 1799 210 1881 kenius
227 1798 349 1908 Epist.
372 1800 470 1879 Crit.
501 1827 539 1908 p.
566 1821 656 1910 177.
703 1803 880 1884 Eundem
906 1805 1054 1886 versum

69 1925 198 2010 laudat
210 1927 432 2008 scholiastes
443 1927 710 2036 Aristophanis
722 1930 769 2010 ad
782 1927 1053 2040 Acharra927.

77 2056 139 2135 ubi
158 2055 257 2137 imm
278 2055 375 2135 etin
394 2054 470 2135 fine
490 2046 614 2166 ἀεξοας.

127 2277 279 2362 uzuz.
298 2279 327 2359 l.
346 2305 409 2362 12.
446 2275 561 2366 Laus,
576 2305 652 2386 qua
667 2277 871 2386 Toupium
887 2273 937 2357 ob
956 2275 1057 2360 hano

83 2409 386 2490 emendationem
423 2407 663 2514 prosequitur
692 2404 974 2486 Valckenarius
1011 2405 1060 2488 ad

81 2533 284 2646 Hippolyt.
302 2533 392 2615 106.
413 2561 458 2612 ea
474 2535 515 2612 in
529 2532 712 2612 Grotium
730 2531 976 2614 transmoveri
994 2533 1061 2614 de-
1165 2573 1170 2584 ·

83 2661 157 2756 bet,
184 2663 255 2770 qui
274 2660 536 2770 fragmentum
556 2661 693 2738 eodem
715 2661 831 2738 modo
857 2661 1062 2743 constitue·

89 2806 140 2901 rat
166 2772 349 2900 Excerpt.
380 2817 421 2898 p.
442 2811 536 2896 755.
572 2787 676 2866 unde
706 2785 858 2893 repetiit
889 2785 1088 2876 Clericus¹

87 2939 122 3022 p.
143 2919 236 2998 262.

132 3111 174 3191 P.
195 3113 291 3218 287·
310 3111 348 3196 i·
371 3137 410 3216 9.
460 3113 564 3192 illud
588 3103 776 3221 ἒτωθίιζιτο
807 3111 912 3224 seusu
940 3109 1065 3190 astivo

90 3237 282 3349 sumptum
302 3267 380 3320 non
399 3238 527 3320 minus
547 3240 749 3321 barbarum
770 3265 888 3346 quam
915 3237 1066 3319 Datidi's

93 3363 246 3478 χάρμη
264 3371 363 3447 κᾶε
377 3368 524 3473 judicat
542 3365 888 3447 Valckenaeriusad
910 3364 1068 3446 Theoc-

93 3491 150 3568 riti
168 3493 403 3573 Adoniazus.
429 3523 470 3602 p.
488 3493 581 3576 260.
611 3494 816 3586 etdeletia
844 3521 929 3604 quae
947 3519 995 3573 ex
1014 3493 1068 3573 se-

93 3619 223 3720 quenti
241 3647 334 3701 voce
352 3618 597 3713 adheserant,
625 3621 743 3700 literis
762 3619 912 3724 ὲτῶθωζε
932 3620 1040 3726 legit.

144 3831 187 3908 P.
209 3855 302 3937 290.
330 3833 357 3912 1.
379 3851 419 3940 9.
466 3832 737 3936 Conjedturam
760 3831 866 3920 suam
894 3825 1068 3910 defendit

98 3953 346 4040 Ruhnkenius
367 3958 486 4072 Epist.
505 3960 602 4039 Crit.
632 3988 670 4069 p.
691 3983 756 4066 70,
776 3981 844 4076 71.
873 3959 935 4038 ed.
956 3979 1058 4052 nov.

576 4125 610 4204 F
628 4120 651 4202 s
672 4149 696 4206 2
916 4115 959 4196 P·
971 4093 1074 4238 '294-
