2834 4917
240 319 791 418 APPENDIX.
929 337 1012 470 461⁴

80 503 128 583 P.
146 525 245 606 422.
274 504 302 584 l.
324 529 363 611 9.
409 503 579 595 Keim5'or
600 510 659 592 vel
675 509 832 626 »grimo
849 507 1019 628 εὖφςῶεο
1099 547 1103 555 “

37 627 268 736 iiusgravius
287 631 328 711 in
349 633 537 740 margine.

81 846 126 926 P.
136 870 235 956 430.
249 844 278 926 l.
292 871 365 952 ¹3«
384 857 500 927 OIAE
513 847 758 956 proposuerat
770 869 809 932 et
823 849 1016 936 Reissrius.

82 1057 129 1139 P.
149 1083 249 1162 441.
281 1057 311 1138 l.
331 1083 371 1166 7.
427 1058 542 1140 Nihil
577 1077 657 1142 tam
694 1081 881 1170 magnum
917 1061 1034 1144 fecit.

37 1186 208 1295 Toupius
236 1187 277 1265 in
304 1187 510 1267 Silentiarii
527 1187 817 1295 Epigrammate
844 1215 936 1272 cunr
962 1187 1016 1284 rei

37 1311 245 1417 planiffime
264 1312 445 1393 exhibeat
462 1311 595 1392 Editio
613 1312 724 1393 Med.

82 1527 128 1604 P.
144 1550 242 1635 453.
268 1525 294 1604 l.
307 1550 349 1630 4.
385 1527 531 1609 Eximie
548 1528 726 1635 Toopiuo
744 1531 829 1610 Em.
851 1529 890 1610 in
907 1528 1014 1611 Suid.
1054 1597 1059 1604 .

38 1650 82 1729 11.
108 1679 149 1758 p.
169 1679 267 1760 453.
312 1645 444 1759 Kaimp
462 1650 616 1754 ἐγνωκότι
633 1649 681 1731 ‘in
701 1651 774 1734 &a
820 1653 863 1736 Si
890 1671 1011 1736 tamen

37 1776 223 1877 scribatur,
258 1770 389 1894 Kaine
416 1770 508 1856 aiddu
538 1775 586 1857 'iri
617 1775 879 1876 ὀπτὴν-,ἔχω
905 1784 1013 1890 calfit

40 1906 141 2012 magis
165 1906 295 2012 liquet,
324 1933 391 1986 cur
419 1895 508 1986 sidio
535 1904 725 1989 exciderit.
772 1909 936 1988 Korn.
965 1908 1014 1990 ad
1166 1891 1171 1902 ⁵

42 2031 186 2139 Gregor.
222 2059 262 2141 p.
285 2053 354 2160 92.

87 2243 228 2357 R.457.
249 2247 276 2324 i.
290 2248 330 2327 6.
370 2245 409 2325 Si
427 2247 467 2326 in
483 2246 666 2356 palmaria
686 2243 903 2355 Tyrwhirti
922 2273 1016 2328 acu·

44 2367 157 2452 tiffimi
175 2374 447 2454 emendatione
473 2373 707 2483 acquiescere
735 2373 888 2452 nolebat
903 2376 1015 2454 Tou·

44 2495 125 2598 pius,
143 2501 250 2580 daret
264 2500 394 2579 saltem
415 2501 518 2607 quod
540 2501 744 2610 Euripides
765 2499 923 2580 scribere
940 2525 1015 2608 po·

44 2617 390 2737 terat,·caveretque
420 2654 468 2708 ne
498 2629 745 2708 Cothurnum
777 2629 954 2708 Atticum
973 2627 1035 2706 inl

46 2747 193 2837 Soccum
221 2756 449 2840 Romanum
473 2773 648 2835 mutaret.
695 2765 762 2840 ΣΤ
782 2753 879 2834 illud
901 2753 1013 2837 valde

45 2873 231 2958 ridiculum
254 2877 320 2958 est.
576 2891 582 2898 ’

88 3089 177 3173 ibid.
203 3099 235 3176 l.
263 3119 324 3202 ¹5·
368 3092 475 3174 Mihi
495 3118 619 3199 neque
638 3088 776 3175 λῶπων,
794 3113 920 3196 neque
938 3076 1013 3164 iir-
1116 3119 1122 3146 r

48 3242 109 3306 rev,
135 3246 261 3330 neque
280 3219 415 3326 ζώντων,
438 3245 564 3326 neque
582 3210 634 3320 ξῦν
651 3213 709 3320 τῷ,
728 3241 851 3322 neque
871 3209 1015 3320 χοῶντωι

45 3337 160 3438 placet.
204 3349 323 3452 Qod
344 3349 396 3428 ait
413 3345 564 3432 Noster,
592 3344 640 3422 de
658 3341 812 3421 Phoebo
836 3339 912 3419 solo
936 3337 1013 3416 ser·

46 3484 186 3550 monem
212 3470 300 3563 effe,
328 3471 371 3552 id
392 3470 552 3578 quidem
571 3469 710 3547 nullius
730 3463 918 3546 momenti
937 3461 1010 3542 est.

43 3578 147 3670 Reoe
164 3598 346 3676 dicuntur
364 3597 442 3677 Dei
461 3597 502 3674 in
520 3621 657 3701 genere
672 3593 711 3671 id
726 3593 930 3700 praecipere
945 3607 1009 3669 aut

45 3708 276 3829 vetareqnod
295 3722 463 3801 Phoebus
493 3747 540 3798 ex
568 3719 715 3826 tripode
744 3718 914 3826 praeeipit
946 3733 1011 3820 out

46 3853 141 3918 vetar.
188 3850 343 3928 Caeterie
360 3850 478 3954 igitur
493 3845 719 3951 conjedturis
739 3845 894 3954 accedat
914 3865 1011 3925 meo,

143 3983 283 4070 Ξῖνωσιν
300 3983 358 4070 di*
377 3983 514 4079 ἔδωκας,
540 3989 583 4075 ὦς
601 3999 824 4069 ΕΩΝΤΩΝ
843 3981 943 4065 deaii.

136 4152 140 4161 ⁴
883 4119 1013 4201 Notus
